<?xml version="1.0" encoding="UTF-8"?><collection xmlns="http://www.loc.gov/MARC21/slim"><record><leader>00442nam--2200145-i-4500</leader><controlfield tag="001">000044075</controlfield><controlfield tag="002">20161230</controlfield><controlfield tag="005">20161230201044</controlfield><controlfield tag="008">060222s1000------------r-----000-0-eng-d</controlfield><datafield ind1=" " ind2=" " tag="080"><subfield code="a">516(021.5/076)</subfield></datafield><datafield ind1=" " ind2=" " tag="100"><subfield code="a">Teodorescu, Ion, D. Si Teodorescu, Stefan, D</subfield></datafield><datafield ind1=" " ind2=" " tag="245"><subfield code="a">Culegere de probleme de geometrie superioara</subfield></datafield><datafield ind1=" " ind2=" " tag="260"><subfield code="a">Bucuresti, Editura Didactica Si Pedagogica, 1975, 487p</subfield></datafield><datafield ind1=" " ind2=" " tag="852"><subfield code="a">43024</subfield><subfield code="c">515/516</subfield></datafield><datafield ind1=" " ind2=" " tag="CAT"><subfield code="a">Sys</subfield><subfield code="c">20080611</subfield><subfield code="h">133003</subfield></datafield></record></collection>